<?xml version="1.0" encoding="UTF-8" standalone="yes"?>
<bib>
    <record_format>marc21</record_format>
    <linked_record_id/>
    <holdings link="https://api-na.hosted.exlibrisgroup.com/almaws/v1/bibs/99157251742503941/holdings"/>
    <created_by>ID543140</created_by>
    <created_date>2024-03-14Z</created_date>
    <suppress_from_publishing>false</suppress_from_publishing>
    <suppress_from_external_search>false</suppress_from_external_search>
    <suppress_from_metadoor>false</suppress_from_metadoor>
    <record>
        <leader>03501nam a22006855u 4500</leader>
        <controlfield tag="008">240312s        xx            000 0 eng d</controlfield>
        <datafield ind1="0" ind2="0" tag="245">
            <subfield code="a">X00-t-x LTS RECORD FOR ALMA AUTHORITY CONTROL REGRESSION TESTING</subfield>
            <subfield code="b">updated by API</subfield>
        </datafield>
        <datafield ind1="0" ind2="0" tag="600">
            <subfield code="a">Dante Alighieri,</subfield>
            <subfield code="d">1265-1321</subfield>
        </datafield>
        <datafield ind1="0" ind2="0" tag="600">
            <subfield code="a">Dante Alighieri,</subfield>
            <subfield code="d">1265-1321.</subfield>
            <subfield code="t">Correspondence.</subfield>
        </datafield>
        <datafield ind1="0" ind2="0" tag="600">
            <subfield code="a">Dante Alighieri,</subfield>
            <subfield code="d">1265-1321.</subfield>
            <subfield code="t">Epistolae.</subfield>
        </datafield>
        <datafield ind1="0" ind2="0" tag="600">
            <subfield code="a">Dante Alighieri,</subfield>
            <subfield code="d">1265-1321.</subfield>
            <subfield code="x">Criticism and interpretation.</subfield>
        </datafield>
        <datafield ind1="0" ind2="0" tag="600">
            <subfield code="a">Dante Alighieri,</subfield>
            <subfield code="d">1265-1321.</subfield>
            <subfield code="x">Criticism and interpretation</subfield>
            <subfield code="v">Congresses.</subfield>
        </datafield>
        <datafield ind1="0" ind2="0" tag="600">
            <subfield code="a">Dante Alighieri,</subfield>
            <subfield code="d">1265-1321.</subfield>
            <subfield code="t">Divina commedia.</subfield>
            <subfield code="x">Criticism and interpretation.</subfield>
        </datafield>
        <datafield ind1="0" ind2="0" tag="600">
            <subfield code="a">Dante Alighieri,</subfield>
            <subfield code="d">1265-1321.</subfield>
            <subfield code="t">Divina commedia</subfield>
            <subfield code="x">Criticism and interpretation</subfield>
            <subfield code="v">Congresses.</subfield>
        </datafield>
        <datafield ind1="0" ind2="0" tag="600">
            <subfield code="a">Dante Alighieri,</subfield>
            <subfield code="d">1265-1321.</subfield>
            <subfield code="t">Divina commedia</subfield>
            <subfield code="v">Congresses.</subfield>
        </datafield>
        <datafield ind1="0" ind2="0" tag="600">
            <subfield code="a">Dante Alighieri,</subfield>
            <subfield code="d">1265-1321.</subfield>
            <subfield code="v">Bibliography.</subfield>
        </datafield>
        <datafield ind1="0" ind2="0" tag="600">
            <subfield code="a">Dante Alighieri,</subfield>
            <subfield code="d">1265-1321.</subfield>
            <subfield code="v">Art</subfield>
            <subfield code="v">Pictorial works.</subfield>
        </datafield>
        <datafield ind1="0" ind2="0" tag="600">
            <subfield code="a">Dante Alighieri,</subfield>
            <subfield code="d">1265-1321.</subfield>
            <subfield code="x">Language</subfield>
            <subfield code="v">Congresses.</subfield>
        </datafield>
        <datafield ind1="0" ind2="0" tag="600">
            <subfield code="a">Dante Alighieri,</subfield>
            <subfield code="d">1265-1321.</subfield>
            <subfield code="x">Appreciation</subfield>
            <subfield code="z">Italy</subfield>
            <subfield code="v">Pictorial works.</subfield>
        </datafield>
        <datafield ind1="0" ind2="0" tag="600">
            <subfield code="a">Dante Alighieri,</subfield>
            <subfield code="d">1265-1321.</subfield>
            <subfield code="x">Appreciation</subfield>
            <subfield code="z">Italy</subfield>
            <subfield code="z">Ravenna</subfield>
            <subfield code="v">Pictorial works.</subfield>
        </datafield>
        <datafield ind1="1" ind2="0" tag="600">
            <subfield code="a">Shakespeare, William,</subfield>
            <subfield code="d">1564-1616.</subfield>
            <subfield code="x">Histories.</subfield>
        </datafield>
        <datafield ind1="1" ind2="0" tag="600">
            <subfield code="a">Shakespeare, William,</subfield>
            <subfield code="d">1564-1616.</subfield>
            <subfield code="x">Comedies.</subfield>
        </datafield>
        <datafield ind1="1" ind2="0" tag="600">
            <subfield code="a">Dewey, John,</subfield>
            <subfield code="d">1859-1952.</subfield>
            <subfield code="t">Ethics.</subfield>
        </datafield>
        <datafield ind1="1" ind2="0" tag="600">
            <subfield code="a">Dewey, John,</subfield>
            <subfield code="d">1859-1952.</subfield>
            <subfield code="x">Ethics.</subfield>
        </datafield>
        <datafield ind1="1" ind2="0" tag="600">
            <subfield code="a">Eliot, T. S.</subfield>
            <subfield code="q">(Thomas Stearns),</subfield>
            <subfield code="d">1888-1965.</subfield>
            <subfield code="t">Waste land</subfield>
            <subfield code="x">Criticism and interpretation.</subfield>
        </datafield>
        <datafield ind1="0" ind2="0" tag="600">
            <subfield code="a">Aristotle.</subfield>
            <subfield code="t">Nicomachean ethics</subfield>
            <subfield code="v">Early works to 1800.</subfield>
            </datafield>
        <datafield ind1="0" ind2="0" tag="600">
                <subfield code="a">Aristotle</subfield>
                <subfield code="x">Ethics.</subfield>
        </datafield>
        <datafield ind1="0" ind2="0" tag="600">
                <subfield code="a">Aristotle.</subfield>
                <subfield code="t">Nicomachean ethics</subfield>
                <subfield code="x">Criticism, Textual.</subfield>
        </datafield>
        <datafield ind1="2" ind2=" " tag="711">
            <subfield code="a">Uruguay Round</subfield>
            <subfield code="d">(1987-1994).</subfield>
            <subfield code="e">Trade Negotiations Committee</subfield>
        </datafield>
        <datafield ind1="2" ind2=" " tag="711">
            <subfield code="a">Uruguay Round</subfield>
            <subfield code="d">(1987-1994).</subfield>
            <subfield code="e">Trade Negotiations Committee.</subfield>
        </datafield>
        <datafield ind1="2" ind2=" " tag="711">
            <subfield code="a">World's Columbian Exposition</subfield>
            <subfield code="d">(1893 :</subfield>
            <subfield code="c">Chicago, Ill.).</subfield>
            <subfield code="e">World's Congress Auxiliary.</subfield>
        </datafield>
        <datafield ind1="2" ind2=" " tag="711">
            <subfield code="a">World's Columbian Exposition</subfield>
            <subfield code="d">(1893 :</subfield>
            <subfield code="c">Chicago, Ill.).</subfield>
            <subfield code="e">World's Congress Auxiliary</subfield>
        </datafield>
        <datafield ind1="2" ind2=" " tag="610">
            <subfield code="a">Uruguay Round</subfield>
            <subfield code="d">(1987-1994).</subfield>
            <subfield code="e">Trade Negotiations Committee</subfield>
        </datafield>
        <datafield ind1="2" ind2=" " tag="610">
            <subfield code="a">Uruguay Round</subfield>
            <subfield code="d">(1987-1994).</subfield>
            <subfield code="e">Trade Negotiations Committee.</subfield>
        </datafield>
        <datafield ind1="2" ind2=" " tag="610">
            <subfield code="a">Uruguay Round</subfield>
            <subfield code="d">(1987-1994).</subfield>
            <subfield code="e">Trade Negotiations Committee</subfield>
            <subfield code="x">History</subfield>
        </datafield>
        <datafield ind1="2" ind2=" " tag="611">
            <subfield code="a">World's Columbian Exposition</subfield>
            <subfield code="d">(1893 :</subfield>
            <subfield code="c">Chicago, Ill.).</subfield>
            <subfield code="e">World's Congress Auxiliary.</subfield>
        </datafield>
        <datafield ind1="2" ind2=" " tag="611">
            <subfield code="a">World's Columbian Exposition</subfield>
            <subfield code="d">(1893 :</subfield>
            <subfield code="c">Chicago, Ill.).</subfield>
            <subfield code="e">World's Congress Auxiliary</subfield>
        </datafield>
        <datafield ind1="2" ind2=" " tag="611">
            <subfield code="a">World's Columbian Exposition</subfield>
            <subfield code="d">(1893 :</subfield>
            <subfield code="c">Chicago, Ill.).</subfield>
            <subfield code="e">World's Congress Auxiliary</subfield>
            <subfield code="x">History</subfield>
        </datafield>
    </record>
</bib>